<?xml version="1.0" encoding="UTF-8"?><collection xmlns="http://www.loc.gov/MARC21/slim"><record><leader>00401nam--2200133-i-4500</leader><controlfield tag="001">000034981</controlfield><controlfield tag="002">20161230</controlfield><controlfield tag="005">20161230201040</controlfield><controlfield tag="008">060222s1000------------r-----000-0-eng-d</controlfield><datafield ind1=" " ind2=" " tag="080"><subfield code="a">338</subfield></datafield><datafield ind1=" " ind2=" " tag="100"><subfield code="a">Murad, Anatol</subfield></datafield><datafield ind1=" " ind2=" " tag="245"><subfield code="a">What keynes means. a critical clarification of the economic theories of john maynard keynes</subfield></datafield><datafield ind1=" " ind2=" " tag="260"><subfield code="a">New Haven, College &amp; University Press-publ., 1962, 223p</subfield></datafield><datafield ind1=" " ind2=" " tag="852"><subfield code="a">37523</subfield></datafield></record></collection>